<?xml version="1.0" encoding="UTF-8"?>
<collection xmlns:xsi="http://www.w3.org/2001/XMLSchema-instance" xsi:schemaLocation="http://www.loc.gov/MARC21/slim http://www.loc.gov/standards/marcxml/schema/MARC21slim.xsd" xmlns="http://www.loc.gov/MARC21/slim">
<record>
  <leader>01811cam a2200349Ia 4500</leader>
  <controlfield tag="001">3076190</controlfield>
  <controlfield tag="003">NNC</controlfield>
  <controlfield tag="005">20140523011346.0</controlfield>
  <controlfield tag="008">891004s1947    ua       b    001 0 ara d</controlfield>
  <datafield tag="035" ind1=" " ind2=" ">
    <subfield code="9">ATP9754CU</subfield>
  </datafield>
  <datafield tag="035" ind1=" " ind2=" ">
    <subfield code="a">(OCoLC)ocm09472136</subfield>
  </datafield>
  <datafield tag="035" ind1=" " ind2=" ">
    <subfield code="a">(OCoLC)9472136</subfield>
  </datafield>
  <datafield tag="035" ind1=" " ind2=" ">
    <subfield code="a">(NNC)3076190</subfield>
  </datafield>
  <datafield tag="040" ind1=" " ind2=" ">
    <subfield code="a">IXA</subfield>
    <subfield code="b">eng</subfield>
    <subfield code="c">IXA</subfield>
    <subfield code="d">OCLCQ</subfield>
    <subfield code="d">MEAUC</subfield>
    <subfield code="d">CUY</subfield>
    <subfield code="d">OCLCQ</subfield>
  </datafield>
  <datafield tag="050" ind1=" " ind2="4">
    <subfield code="a">DT173.U23</subfield>
    <subfield code="b">H37 1947</subfield>
  </datafield>
  <datafield tag="100" ind1="1" ind2=" ">
    <subfield code="6">880-01</subfield>
    <subfield code="a">Ḥasan, Ḥasan Ibrāhīm.</subfield>
  </datafield>
  <datafield tag="245" ind1="1" ind2="0">
    <subfield code="6">880-02</subfield>
    <subfield code="a">ʻUbayd Allāh al-Mahdī :</subfield>
    <subfield code="b">Imām al-Shīʻah al-Ismāʻīlīyah wa-muʼassis al-dawlah al-Fāṭimīyah fī bilād al-Maghrib /</subfield>
    <subfield code="c">Taʼlīf Ḥasan Ibrāhīm Ḥasan, Ṭāhā Aḥmad Sharaf.</subfield>
  </datafield>
  <datafield tag="246" ind1="3" ind2=" ">
    <subfield code="a">Mahdi Ubayʼd-Ullah</subfield>
  </datafield>
  <datafield tag="260" ind1=" " ind2=" ">
    <subfield code="6">880-03</subfield>
    <subfield code="a">al-Qahirah :</subfield>
    <subfield code="b">Maktabat al-Nahḍah al-Miṣrīyah,</subfield>
    <subfield code="c">1947.</subfield>
  </datafield>
  <datafield tag="300" ind1=" " ind2=" ">
    <subfield code="a">367 p. ;</subfield>
    <subfield code="c">24 cm.</subfield>
  </datafield>
  <datafield tag="500" ind1=" " ind2=" ">
    <subfield code="a">Added cover title: The Mahdi Ubayʼd-Ullah.</subfield>
  </datafield>
  <datafield tag="504" ind1=" " ind2=" ">
    <subfield code="a">Includes bibliographical references (p. 343-349) and index.</subfield>
  </datafield>
  <datafield tag="600" ind1="0" ind2="0">
    <subfield code="6">880-04</subfield>
    <subfield code="a">ʻUbayd Allāh al-Mahdī,</subfield>
    <subfield code="c">Caliph,</subfield>
    <subfield code="d">872 or 873-934.</subfield>
  </datafield>
  <datafield tag="650" ind1=" " ind2="0">
    <subfield code="a">Fatimites.</subfield>
  </datafield>
  <datafield tag="700" ind1="1" ind2=" ">
    <subfield code="6">880-05</subfield>
    <subfield code="a">Sharaf, Ṭāhā Aḥmad.</subfield>
  </datafield>
  <datafield tag="776" ind1="0" ind2="8">
    <subfield code="i">Online version:</subfield>
    <subfield code="a">Ḥasan, Ḥasan Ibrāhīm.</subfield>
    <subfield code="t">ʻUbayd Allāh al-Mahdī</subfield>
    <subfield code="d">al-Qahirah : Maktabat al-Nahḍah al-Miṣrīyah, 1947</subfield>
    <subfield code="w">(OCoLC)645196386</subfield>
  </datafield>
  <datafield tag="880" ind1="1" ind2=" ">
    <subfield code="6">100-01/r</subfield>
    <subfield code="a">حسن، حسن إبراهيم.</subfield>
  </datafield>
  <datafield tag="880" ind1="1" ind2="0">
    <subfield code="6">245-02/r</subfield>
    <subfield code="a">عبيد الله المهدي :</subfield>
    <subfield code="b">امام الشيعة الإسماعيلية ومؤسس الدولة الفاطمية في بلاد المغرب /</subfield>
    <subfield code="c">تأليف حسن إبراهيم حسن، طه أحمد شرف.</subfield>
  </datafield>
  <datafield tag="880" ind1=" " ind2=" ">
    <subfield code="6">260-03/r</subfield>
    <subfield code="a">القاهرة :</subfield>
    <subfield code="b">مكتبة النهضة المصرية،</subfield>
    <subfield code="c">1947.</subfield>
  </datafield>
  <datafield tag="880" ind1="0" ind2="4">
    <subfield code="6">600-04/r</subfield>
    <subfield code="a">عبيد الله المهدي،</subfield>
    <subfield code="c">Caliph, ،,</subfield>
    <subfield code="d">872 or 873-934.</subfield>
  </datafield>
  <datafield tag="880" ind1="1" ind2=" ">
    <subfield code="6">700-05/r</subfield>
    <subfield code="a">شرف، طه أحمد.</subfield>
  </datafield>
  <datafield tag="955" ind1=" " ind2=" ">
    <subfield code="b">CU58885846</subfield>
    <subfield code="d">off,glx</subfield>
    <subfield code="e">893.791 H273</subfield>
  </datafield>
</record>
</collection>